2368 3884
113 263 327 352 roraratio
349 261 407 348 de
424 261 479 352 N,
501 261 558 348 T.
578 261 876 384 Wetlle'nitno.
915 291 946 376 y
980 339 983 346 .

62 453 117 528 stro
139 451 344 532 Feclefiam
369 449 573 546 intelligere
589 451 744 537 debere,
772 451 937 528 censent:

56 547 158 646 paucis
187 569 362 626 mentem
386 547 542 626 nostram
561 547 606 622 de
622 549 876 644 Prolegomem’s,
901 549 941 625 δι

49 651 90 736 ,de
116 647 180 740 ipsa
216 653 277 720 N.
312 651 354 722 T.
387 649 523 718 editione
546 645 721 727 Werliem'i
748 643 942 721 declarare.

52 743 101 816 Sic
123 744 220 824 enim
252 742 412 819 animati
446 741 524 819 sunt
554 741 796 816 communiter
827 740 956 814 homi·.

54 861 130 929 nes,
161 861 201 914 nt
221 843 290 940 qui
315 837 631 919 criminationibus
659 838 746 920 nihil
773 839 942 944 reponit,

53 961 142 1010 reum
158 939 192 1011 le
211 937 399 1017 confiteri
416 935 633 1014 existiment.

98 1033 252 1113 Primum
271 1032 445 1132 quidem,
481 1055 586 1132 quant
604 1029 814 1112 indecorum
832 1031 943 1121 illud,

54 1131 117 1204 imo
142 1135 343 1228 impium,
396 1130 559 1212 omnibus
588 1132 657 1226 piis
695 1129 733 1210 δι
767 1129 945 1228 religiosis

52 1229 253 1308 Christianis
282 1227 493 1313 videbitur,
527 1225 621 1324 quod
643 1229 724 1318 Joh.
748 1229 826 1322 Jac.
844 1229 946 1300 Wet·

46 1326 173 1418 fionius,
203 1324 268 1401 cui
295 1327 406 1402 nullae
430 1347 582 1424 unquam
601 1321 658 1400 ¹sni
684 1325 881 1420 purgandi,
918 1321 945 1400 ss

54 1428 188 1520 purgari
207 1422 354 1520 pollet,
383 1421 540 1497 rationes
556 1445 628 1494 non
647 1421 682 1496 in
700 1439 846 1514 promtu
867 1419 946 1495 fue·
970 1467 974 1474 -

55 1541 151 1610 runt,
192 1523 250 1595 N.
269 1522 324 1594 T.
347 1517 468 1598 1).’Ν..
488 1519 520 1620 J
540 1519 578 1593 C.
606 1518 821 1618 poriffimum
848 1518 946 1594 dele·

62 1619 165 1710 gerit,
216 1618 257 1691 in
286 1617 393 1714 cujus
418 1617 650 1710 Prolegomenis
675 1615 774 1688 vitus
799 1601 946 1694 maledi·
1008 1641 1011 1654 '

63 1717 178 1788 centio
202 1715 246 1788 ἃ
271 1712 532 1792 calumniarum
560 1711 798 1791 effunderet?
848 1715 946 1789 Con·

69 1831 239 1885 verterant
264 1815 356 1888 olim
379 1810 493 1905 Judaei
516 1810 673 1889 Domum
694 1809 805 1886 Patris
826 1815 945 1886 coele·

75 1903 130 1977 stis
155 1908 188 1980 in
210 1907 428 2004 emporium.
496 1907 568 1986 Hic
598 1931 688 1982 veto
715 1905 859 2002 infignis
876 1911 947 1982 Vir

71 2001 276 2083 vestibulum
307 2005 498 2100 Evangelii
526 2008 624 2098 pacis
652 2024 757 2101 arque
786 2003 947 2077 caritatis

70 2099 102 2177 in
131 2099 327 2184 Theatrum
353 2099 488 2178 furoris
515 2104 735 2180 convertit..
761 2101 856 2202 Quid
884 2100 951 2198 igi·

67 2199 146 2273 tor?
185 2203 273 2283 Cum
293 2201 364 2280 ait:
409 2199 481 2278 sese
496 2203 673 2281 dailoinam
698 2200 875 2292 Evangelii
891 2221 950 2292 pe·

62 2301 139 2366 'riori
151 2296 207 2387 fito
224 2299 368 2386 infixam
391 2297 530 2384 haiom
581 2295 771 2376 invenitne
786 2297 889 2370 aliam
911 2297 948 2374 in

67 2393 258 2498 Evargelio
276 2391 501 2477 doiirinam,
529 2417 633 2494 quam
660 2391 849 2468 Christiani
868 2395 950 2468 reli·

66 2491 142 2596 qoi3
164 2518 208 2568 an
228 2492 318 2570 falia
335 2491 432 2563 dese
448 2489 587 2594 jaiiat?
620 2491 731 2568 Porro
748 2511 866 2570 autern
886 2515 951 2568 ne·

66 2611 119 2658 mo
143 2613 304 2687 unquam
329 2587 524 2682 intelliget,
565 2611 628 2667 cur
655 2588 691 2660 in
718 2587 951 2682 Prolegomenis
1053 2641 1056 2652 .

65 2685 103 2756 ad
123 2687 173 2760 N.
191 2689 246 2768 Τ.
271 2707 348 2766 tam
375 2690 510 2762 acerbae
541 2683 733 2764 invellivae
769 2685 805 2756 in
843 2683 950 2760 vivos

65 2805 302 2878 mortuosque
321 2781 566 2876 reperiantur;
593 2783 627 2856 id
646 2781 739 2878 quod
758 2779 799 2858 &
815 2783 948 2865 eruditi

66 2878 326 2960 illinoionimm
345 2875 446 2960 soille
461 2880 576 2968 visum
594 2879 815 2965 indicarunt,
836 2881 950 2982 quiin

68 2976 261 3053 Germania
280 2975 614 3061 Diatiis'litterariis
633 2995 739 3051 novoe
757 2975 849 3051 illius
870 2979 951 3056 Edi·

57 3072 170 3149 rionis
196 3071 449 3156 recensionem
474 3073 566 3150 haud
584 3075 679 3166 ,sane
710 3074 889 3168 malevolo
914 3076 952 3150 in

70 3169 282 3260 Wetflenium
316 3171 437 3243 animo
472 3173 737 3255 confecerunt:
788 3172 881 3247 unde
913 3169 977 3264 &¹

72 3265 315 3366 collegerunt,
344 3267 587 3448 auiioromAin
612 3265 668 3346 ltin
692 3269 827 3365 Prolegt·
841 3289 956 3368 perpe·

59 3395 63 3406 ·
136 3403 148 3416 ·
201 3405 204 3416 ·
571 3393 599 3470 4
862 3381 958 3443 tuum
