2368 3884
101 264 321 354 ileclamio
346 262 404 352 de
426 263 482 350 N.
500 262 556 352 T.
581 243 875 358 Wetiieniano.
906 297 961 383 23

58 451 252 528 detrimenti
289 451 454 550 capiat,
495 452 620 528 videre
660 453 807 531 debuit!
869 459 953 534 Hoc

56 573 135 626 terte
150 556 370 646 Collegium,
400 547 615 644 strumore,
650 551 695 624 de
721 553 893 648 llserlenii
914 559 951 631 in

53 651 236 744 Religione
260 646 624 738 machinationibus,
658 671 859 746 percepto,
892 674 952 726 aut

53 745 311 842 suspicionibus
343 743 508 832 obortis,
543 768 648 831 eum,
685 744 745 844 qui
773 768 848 820 tum
876 769 953 823 erat

48 843 223 916 Diaconus
249 839 467 927 Ecclesiae,
495 841 644 916 citatum
664 843 708 916 de
724 845 824 917 omni
843 866 883 916 re
903 845 952 918 ul·
1073 871 1078 894 ⁸

50 957 102 1011 tto
123 935 413 1034 interrogasset,
451 937 558 1028 dein,
584 936 785 1035 postulante
809 943 952 1038 gravio·

53 1057 87 1108 te
106 1035 348 1121 neteffitate,
388 1033 431 1107 ad
457 1040 567 1128 Ampl.
596 1036 762 1112 Civitatis
793 1041 952 1112 Sentium

53 1133 242 1226 retulisset3
295 1132 392 1206 nihii
422 1129 567 1228 egisset,
615 1134 710 1230 quod
737 1158 808 1210 non
827 1133 950 1212 officio

48 1231 116 1324 ejus
138 1231 279 1305 diserte
309 1229 574 1308 contineretur.
628 1229 747 1328 Quum
778 1257 868 1306 vero
896 1231 950 1307 su·

51 1349 103 1400 ma
126 1327 162 1403 δι
186 1327 484 1424 suspicionibus,
512 1331 675 1428 quamvis
705 1329 797 1403 haud
824 1331 947 1422 vanis,

51 1422 85 1496 in
110 1425 301 1500 bominem
331 1427 521 1520 potenteni
546 1423 584 1498 dt
611 1421 797 1499 fautiosam
815 1451 945 1522 agere,

56 1521 250 1597 consultum
293 1544 372 1594 non
411 1520 617 1610 videretur3
664 1520 723 1596 sed
755 1525 945 1620 placeret,

59 1621 149 1712 ptius
171 1621 324 1694 Patrem
355 1617 531 1704 Wtrlenii
544 1641 587 1692 ea
606 1619 652 1693 de
669 1617 710 1694 te
727 1623 946 1710 admoneret

64 1717 181 1812 ecquid
207 1715 389 1816 peccavit
407 1711 549 1809 postea,
576 1738 659 1788 eum
677 1717 796 1814 Ampl.
826 1713 946 1816 Magi·

69 1807 206 1982 stffis‘p
243 1811 376 1888 cauffae
409 1811 656 1906 cognitionem
696 1813 948 1916 demandasti,

96 1929 184 1983 aruit

69 1928 184 2080 PSed
216 2007 392 2080 audiamus
416 2025 528 2102 porro
555 2005 782 2102 Wrtstenium.
848 1991 944 2086 illius

67 2102 155 2176 enirn
185 2103 238 2178 eli
258 2103 415 2196 seilicet,
442 2103 622 2189 indicare,
658 2129 775 2202 aquo
808 2109 945 2202 Collegit

62 2199 165 2274 cauffo
184 2200 293 2298 ipsius
317 2199 491 2372 cossmsti
509 2200 682 2276 debuerit.
720 2205 841 2298 Prolep.
861 2227 942 2300 pag.

63 2316 135 2373 2¹1.
154 2301 226 2376 ait:
253 2301 366 2372 debui
396 2320 510 2371 erem
528 2300 570 2369 ad
590 2305 789 2372 Conveniam
806 2308 945 2374 omnium

58 2399 91 2464 ir
113 2401 195 2468 Urbe
224 2396 461 2485 Ministrorum
489 2392 630 2468 referri.
695 2395 829 2496 Quidni
853 2417 942 2496 ergo

59 2495 222 2588 Collegium
244 2494 348 2568 Xsss.
367 2492 540 2583 Virorum,
571 2489 738 2586 &ipsum
756 2501 867 2590 Arnpl.
887 2505 945 2570 Se-

58 2609 159 2662 natum
178 2589 350 2677 accusat,
378 2588 526 2686 quinon
547 2588 613 2681 bos
633 2593 848 2681 convocati,
880 2591 940 2666 sed

59 2687 266 2780 thienium
287 2688 332 2762 ad
353 2689 553 2758 Conveniunt
580 2687 752 2776 Pariorum
772 2685 811 2763 δι
838 2675 942 2762 Theo·

53 2785 179 2878 logorom
205 2785 342 2872 citari,
368 2785 412 2856 ab
427 2783 539 2882 iisque
561 2780 725 2869 consilia,
745 2807 811 2880 pto
836 2809 938 2861 more

55 2882 86 2954 in
114 2882 425 2977 talibus-negotiis
448 2877 643 2964 consueto,
679 2878 742 2954 srbi
766 2881 841 2954 dati
862 2885 940 2984 jus·

56 2975 108 3052 sits
139 2983 258 3054 Porro
276 3002 420 3067 autent,
448 2976 573 3052 utait:
600 2975 735 3052 Vener.
755 2979 836 3072 Frey
859 2985 942 3053 con:
1049 3033 1052 3040 .

57 3081 178 3151 verrini
195 3081 303 3150 talem
315 3079 503 3172 formavit,
530 3078 656 3168 qualem
675 3079 791 3148 uoluit.
837 3071 939 3149 Eho!

57 3195 150 3268 quarn
179 3195 374 3270 potentem
398 3170 499 3245 nobis
521 3169 626 3267 fingit
651 3168 856 3263 sirulugum,
891 3195 938 3246 eu

56 3287 216 3369 tempore
239 3273 580 3438 Extraordinoritpm!
603 3307 607 3314 ·
628 3266 699 3342 sed
722 3266 830 3366 quid?
877 3271 940 3434 Ap

558 3387 585 3456 4
874 3385 942 3459 ¹1³²
