2380 3884
290 281 349 370 26
380 283 481 372 Ven.
501 105 673 373 Oidinit
691 231 899 402 Theolog.
916 255 1142 376 Bilileenlir

291 465 450 545 ndess'et?
476 459 565 575 Quis
584 471 653 545 hoc
674 475 779 546 Pater
799 495 951 572 unquam
970 469 1143 570 postula'v

289 586 350 638 aut
375 569 510 654 etiam,
539 567 758 664 silicuillet,
781 569 901 645 facere
931 571 1120 666 sustinuit,

290 667 326 741 in
343 663 457 742 caull'a
476 669 556 739 Filii
577 666 827 761 pertradlonda
847 671 979 764 Colleglo
1002 670 1143 745 adsideo

288 764 416 838 coiea
445 762 497 837 est
523 763 762 837 demandata?
796 767 877 840 sane
904 766 1096 862 impudens
1125 767 1143 839 h

287 868 412 939 beatur
436 861 538 956 jure,
564 861 623 956 qui
646 860 682 933 id
699 857 813 935 'fuerit
838 863 949 936 nulus.
1008 865 1119 939 Unde

286 963 402 1036 Grau.
427 959 525 1032 XIII.
551 957 749 1054 Collegium
766 958 869 1053 super
890 960 955 1034 hac
979 985 1019 1035 re
1041 963 1144 1036 consi

288 1079 395 1146 tum,
440 1078 480 1127 re
515 1053 706 1150 diligenter
738 1056 958 1148 deliberata,
992 1057 1030 1133 in
1053 1067 1144 1133 ·caul

285 1141 386 1240 lutri,
413 1153 551 1223 Patrem
577 1175 650 1226 non
675 1153 711 1226 in
730 1155 929 1228 conuentum
947 1158 1144 1230 vocandun

286 1251 418 1332 statuit.
467 1245 599 1345 Neque
625 1268 742 1324 tamen
768 1273 813 1324 eo
838 1249 950 1325 secius
978 1253 1142 1336 Weislem'

285 1353 395 1424 Paro
429 1347 608 1418 Conventus
637 1336 765 1438 Eccloss
783 1370 864 1442 pars
890 1346 959 1424 elle
994 1351 1141 1444 perrexi

288 1443 453 1544 quamvis
470 1443 505 1515 in
524 1439 637 1518 caussa
655 1444 735 1516 Fllil
751 1442 865 1522 adelle
888 1445 921 1518 ei
941 1469 1012 1520 non
1031 1447 1143 1519 licere

285 1567 402 1640 neque
428 1539 588 1613 exclusus
616 1537 667 1612 est
691 1563 711 1612 a
738 1542 932 1632 Conventa,
959 1565 1068 1639 usque
1089 1545 1145 1616 dui

285 1640 361 1736 ipse
394 1637 556 1712 horribili
587 1635 727 1730 Epistola
756 1641 803 1709 ad
826 1639 902 1728 er.
933 1643 1097 1714 Helvetr'ae
1133 1644 1145 1722 l

287 1736 592 1831 confoederatorum
636 1735 835 1805 avitarum
876 1735 1034 1832 Ecclefios
1065 1739 1145 1810 data

288 1839 485 1912 conventum
503 1827 755 1915 Eccleſsalllcum
779 1835 826 1904 ob
851 1855 912 1917 ea,
942 1857 1020 1932 quae
1036 1834 1071 1906 in
1092 1835 1144 1905 Fil

286 1928 400 2010 cauffo
421 1928 498 2002 aila
513 1926 609 2006 sont.
623 1923 673 1999 est
694 1927 948 2016 calumniatus,
968 1953 1035 2002 nec
1051 1933 1146 2002 crini

285 2055 332 2106 na
352 2025 510 2126 objedla,
534 2025 576 2097 ad
590 2027 785 2098 conventum
806 2027 954 2116 citatur,
973 2027 1045 2101 ullo
1063 2029 1146 2102 niod

286 2148 348 2206 aut
382 2126 494 2199 voluit
529 2143 589 2194 aut
620 2123 740 2218 potuit
766 2127 929 2218 probare.
980 2125 1078 2198 Tunr
1110 2127 1146 2199 dt

288 2249 408 2312 mum,
428 2223 512 2294 dato
533 2221 719 2316 aliquoties
740 2223 782 2290 ad
801 2223 1065 2295 deliberandum
1081 2241 1146 2295 ten

286 2346 398 2420 pore,
423 2341 505 2392 cunr
524 2318 609 2390 nilril
628 2318 671 2388 ad
699 2313 749 2386 sui
767 2317 1034 2392 excusationem
1057 2317 1146 2392 adfer

285 2442 363 2504 ret,
392 2420 555 2490 conventu
585 2411 699 2492 Ecclel'.
722 2413 882 2487 exclusus
909 2413 980 2500 est,
1017 2415 1146 2490 declaro

285 2536 458 2608 tumque,
494 2509 593 2583 illum
630 2529 698 2605 pro
723 2509 837 2600 fratre
868 2509 907 2584 ἃ
945 2513 1065 2604 Collega
1097 2537 1144 2585 no

285 2613 437 2710 amplius
461 2608 681 2695 habendum,
709 2606 769 2703 qui
798 2609 966 2700 Collegium
987 2627 1057 2682 tarn
1085 2632 1146 2705 pro

285 2731 391 2784 terve
422 2701 654 2791 traduxiliet‚
695 2725 763 2775 nec
795 2705 983 2802 quidquam
1019 2710 1145 2804 probor

286 2829 347 2882 out
370 2801 537 2880 excusare
557 2821 759 2874 conaretur.
811 2802 848 2873 ld
875 2801 1006 2874 fotium
1032 2801 1081 2878 est
1106 2807 1146 2880 Ar

205 2981 209 2992 1
287 2925 397 3000 1734·
424 2899 656 2997 quadriennio
684 2895 767 2998 ⁴fere
801 2921 821 2972 a
855 2899 932 2972 Filii
956 2897 1068 2975 cauffo
1100 2925 1146 2996 pe

285 2999 526 3080 remotionem
551 2997 593 3068 ab
613 2991 745 3070 Officio
757 3019 776 3079 ‚·
791 3019 896 3093 quarn
919 2995 1081 3068 Summus
1108 3001 1146 3070 Ci

285 3098 407 3174 uitatis
426 3094 551 3178 nossrae
572 3093 793 3183 Magistratus
809 3094 1039 3182 decreverat,
1054 3093 1146 3167 finito

284 3195 464 3271 Videatur
500 3189 642 3290 Epistola
670 3192 903 3284 Apologetlco‚
944 3187 1066 3288 Iaepiut
1090 3193 1146 3287 jan

283 3293 475 3392 adlegatu,
507 3293 593 3384 quae'
620 3281 764 3382 quidem
797 3285 980 3384 Epistola,
1020 3307 1088 3460 nqq
1112 3313 1146 3362 o

363 3393 366 3402 '
431 3387 437 3404 '
723 3399 727 3407 '
1084 3401 1146 3459 aln
