2368 3884
115 229 330 320 lectuaria
358 218 414 314 tle
432 217 488 314 N.
506 221 566 312 ἶΤ.
592 223 886 332 Wetlleniano.
922 253 952 346 '3

64 413 269 518 propolit'as,
291 430 368 490 una
382 413 473 488 'coni
493 403 759 512 Responsionl'bttr
772 411 951 516 eiusdem.

82 541 123 590 ua
143 517 222 614 ipso
245 514 408 587 vidente
429 515 474 584 ab
501 511 676 586 notario
697 535 883 612 exceptae,
910 517 949 594 dt

59 541 173 712 luipo
208 605 631 706 confignataeluerunt.
681 611 854 686 Continet
881 615 949 686 Ex·

57 733 147 807 carpta
164 735 211 785 ex
230 707 419 795 Schedia,
452 707 578 802 quibus
596 699 770 792 Wetllent'r'
798 710 950 783 Audito·

60 830 106 882 rer
128 811 198 904 eloe
227 803 485 901 expolitiones
513 804 565 876 N.
596 803 643 876 T.
671 804 791 880 Graecl
826 827 950 880 coram

60 909 209 992 traditas,
250 903 338 999 ipso
364 903 576 996 plerumque
608 901 698 972 baud
727 904 861 996 inscio,
889 905 950 976 ad·

64 1020 280 1077 notaverant.
344 995 516 1070 Continet
546 996 693 1070 solemni
713 1000 947 1096 jurejurando

60 1101 265 1174 confirmata
292 1095 437 1176 Tedium
450 1095 691 1188 complurium
712 1099 756 1170 de
775 1099 948 1184 Wetllrnt‘t‘
1099 1139 1106 1152 ·

55 1199 220 1272 dotltinis
241 1185 373 1268 effata.
424 1193 594 1262 Continet
610 1191 764 1290 denique
785 1184 947 1292 Amplill.

56 1297 192 1366 Ordinis
229 1287 383 1367 Politici
422 1289 697 1362 deliberationes
731 1290 769 1364 δι
806 1293 946 1366 Senatus

59 1397 225 1480 confulta,
246 1390 380 1486 quibus
400 1388 517 1458 omnia
537 1385 613 1458 baec
631 1387 733 1460 causa
750 1385 818 1460 fuit
836 1389 948 1464 admi·

60 1488 193 1560 oillrata
212 1489 256 1564 dr
279 1477 474 1558 conclusa..
490 1482 584 1583 Quid
603 1503 720 1558 autern
737 1485 782 1558 de
801 1487 956 1580 Epistulis-

65 1587 212 1658 dicemus
234 1587 459 1665 Eccltfiarunr
481 1579 626 1672 ltrfotm.
645 1591 679 1654 in
701 1585 880 1670 Helvetia,
906 1587 950 1659 ab

67 1681 195 1756 illarum
221 1676 456 1756 Antistitibus
486 1675 643 1778 scriptis,
671 1679 796 1776 quibus
816 1681 949 1776 potiffi·

72 1799 165 1848 mum
177 1779 214 1851 dt
235 1776 450 1872 urgentibub
468 1773 513 1847 de
530 1779 809 1870 approbantibus
826 1801 882 1852 res
899 1777 951 1852 est

55 1873 195 1968 'gella‘l
222 1873 409 1970 Numquid
433 1873 526 1944 aliud
555 1875 687 1969 requiri
706 1871 849 1970 potest,
878 1897 950 1973 quo

71 1971 167 2042 lama
204 1973 376 2043 Conventus
395 1971 621 2061 racastasttu
663 1976 763 2057 Basrl.
799 1973 835 2042 in
870 1992 950 2044 tuto

74 2068 301 2140 collocetur?
344 2061 532 2140 Soffioitne
549 2066 593 2138 ad
614 2067 846 2154 omnintbatc,
873 2090 953 2166 quau

66 2167 209 2262 publice
226 2161 268 2238 dr
283 2165 320 2238 in
338 2163 455 2236 oculis
471 2163 581 2236 totius
606 2163 768 2238 Eccleliae
790 2187 832 2237 ac
854 2164 951 2238 Ciui-

64 2264 141 2336 tatis
170 2261 270 2335 Bastl.
302 2261 403 2334 edita
430 2259 526 2345 lunt,
565 2265 787 2356 evertenda,
818 2261 842 2334 st
869 2287 950 2338 reus

60 2359 231 2456 perfridla
256 2357 383 2432 fronte
409 2377 517 2451 neget
544 2381 631 2430 vera
647 2355 738 2446 ellea
764 2359 802 2432 dt
822 2357 951 2434 effreni

58 2460 266 2532 temeritate
283 2455 482 2530 invehatur
501 2455 537 2527 in
560 2456 666 2528 vivos
689 2459 949 2554 mortuosque?

56 2557 118 2627 Cui
133 2556 263 2652 potius
282 2552 435 2626 credent
455 2549 506 2646 pii
533 2573 659 2625 ornnes
682 2553 721 2627 dt
741 2554 850 2628 boni?
890 2556 951 2654 Ju-

55 2653 148 2726 dicet
167 2651 298 2725 omnis
320 2648 497 2731 Ecclestu,
520 2651 577 2722 cui
600 2655 683 2722 Atta
703 2651 804 2724 innot
831 2669 950 2740 etunt;

55 2771 129 2846 quae
149 2750 307 2848 quidem
327 2737 434 2829 Atta',
450 2747 734 2842 quandoquidem
746 2661 951 2824 ugnacuta

55 2846 173 2920 nostra
191 2847 343 2940 Lingua
358 2841 527 2919 hedenus
546 2845 768 2916 solummodo
787 2845 950 2940 prostite»

54 2963 151 3035 runt,
195 2945 238 3017 in
268 2941 459 3026 Latinam
490 2962 572 3013 cunr
592 2944 798 3034 opererio,
837 2963 951 3016 transt·

55 3041 158 3131 ferni,
205 3037 535 3136 &supplementis
568 3038 688 3131 auger-i
724 3041 948 3124 curabimur,

53 3157 89 3212 ut
111 3140 153 3214 dt
182 3136 343 3224 Batavi,
368 3135 498 3230 Angli,
528 3136 712 3230 Gallique,
739 3135 776 3208 dt
798 3155 947 3224 onmes,

55 3253 246 3336 quotquot
264 3231 393 3332 ubique
410 3228 510 3370 lunt,
530 3231 771 3402 ffilessu‘um
787 3229 959 3401 Chrlffiarn
