2368 3884
90 9 230 90 Ἦ

69 271 297 366 Declaratio
320 273 379 364 de
403 269 459 360 N.
477 268 531 362 T.
554 267 848 366 Wetlleniaoo.
885 303 933 390 tp

39 485 266 560 exponemus.
325 461 366 536 Si
386 455 481 536 scire
496 437 616 558 eupit,
642 461 725 560 quid
745 465 859 542 exteri
882 489 930 548 ex

36 561 88 634 illie
113 561 283 657 Scriptis
312 557 555 654 collegerint,
582 557 621 633 ὅι
652 581 758 656 quarn
782 566 929 662 egregie

30 656 267 756 &sapienter
296 654 379 756 ipse
405 655 524 743 dicat,
549 657 583 740 se
607 659 693 728 nihil
709 657 845 748 babere,
869 687 929 758 quo

21 754 295 846 sternerentur,
320 770 446 846 preter
473 757 584 840 Aaou
612 752 706 848 legat
731 751 927 833 Historiam

26 849 82 922 loo
107 854 219 938 vitae,
255 872 374 948 quant
401 848 621 938 Germanus,
658 849 759 922 nobis
788 853 850 928 vix
876 856 922 929 de

28 950 158 1022 nontine
173 949 390 1044 cognitur,
415 946 451 1019 iu
469 947 601 1036 Libro,
629 969 699 1043 quo
726 947 819 1024 vitas
843 974 925 1026 eru·

30 1045 167 1119 ditonum
194 1043 422 1119 viventium
439 1043 659 1140 ,complexus
675 1041 748 1132 est,
775 1069 821 1122 ex
840 1047 922 1145 iplis

32 1147 126 1233 Atlio,
168 1143 287 1238 Epist.
325 1140 423 1234 Apol.
448 1139 487 1214 ἃ
513 1140 650 1232 Deouls.
675 1145 921 1218 calumniarum

28 1240 552 1430 iiiieesffitiliniieigateilitiiaei
561 1235 924 1427 inWAopisgpnstppp

29 1431 197 1510 dicuntur.
254 1431 414 1507 luteritu
433 1451 472 1504 ut
487 1449 676 1528 appareat,
702 1359 805 1527 quatit
823 1433 922 1512 frau-

34 1529 183 1606 tluleuter
210 1529 425 1611 Hetaenius
447 1533 535 1604 Atta
561 1527 679 1602 nostra
701 1531 853 1630 alleget,
880 1533 919 1610 δι

37 1647 133 1716 quam
148 1647 275 1725 parum
300 1623 466 1713 refellat,
495 1645 673 1720 paucaett
693 1630 921 1722 Prolegomems

39 1720 238 1802 adferemus.
268 1727 359 1820 Pag.
384 1719 463 1796 218.
488 1726 556 1796 ait:
583 1725 634 1794 die
656 1749 707 1806 ιγ.
730 1727 919 1820 septenni

47 1815 171 1893 scilieet
192 1844 296 1916 1729·
335 1809 463 1896 effecit
500 1819 594 1892 Veo.
639 1817 754 1917 Ftey,
796 1841 835 1894 et
869 1849 919 1899 res

51 1918 94 1984 oe
121 1918 315 2010 periculosos
350 1915 596 1991 molitionibus
632 1918 828 2010 Wetpleeii,
859 1942 918 2015 per

46 2013 266 2107 consobrinum
289 2015 349 2107 ejus
376 2017 425 2086 ad
453 2015 607 2086 Senatum
636 2013 836 2112 deferretur,
868 2025 922 2090 cui

45 2109 168 2206 dentque
190 2114 225 2184 d.
252 2135 303 2203 14·
332 2113 485 2183 Decemo.
503 2111 653 2202 seriptum
670 2115 797 2188 notum.
848 2114 936 2188 Sed*

43 2203 213 2300 quomodo
238 2209 275 2280 ld
294 2204 378 2279 fieri
393 2205 553 2302 potuit?
580 2205 717 2280 Primus
736 2203 913 2300 Libellus,

42 2327 135 2398 quern
167 2303 328 2400 Actorum
363 2303 546 2380 Volumen
582 2302 756 2378 laetorum
801 2308 915 2384 ocutis

39 2397 143 2490 ustie,
185 2404 235 2478 est
270 2400 384 2498 ipsrus
424 2401 621 2492 Wetstertii,
656 2425 760 2496 quem
794 2405 917 2504 Ampl.

41 2498 189 2596 Collegio
211 2501 313 2574 Xlll.
350 2497 531 2570 Virorum
557 2499 668 2572 uno.
691 2503 782 2590 Julit'
808 2527 912 2592 ¹729·
993 2545 995 2550 ·

39 2598 166 2671 obtulit.
215 2599 348 2670 Solent
380 2613 498 2666 autern
531 2596 624 2689 apud
655 2616 720 2668 noo
746 2599 915 2690 graviora

41 2698 196 2788 negotia,
230 2715 387 2793 quaeque
412 2690 658 2764 secretioribus
684 2693 916 2770 consultatio·

40 2793 128 2864 nibus
145 2794 275 2888 agitari
301 2786 470 2878 interest,
498 2810 517 2858 a
537 2790 666 2860 Senatu
684 2789 725 2860 ad
746 2789 814 2864 lroc
833 2796 912 2868 Col·

42 2887 159 2982 legium
183 2889 347 2974 remitti,
377 2904 415 2958 ut
438 2908 478 2958 te
508 2884 712 2980 diligentius
741 2893 913 2985 perpensa

41 2986 335 3060 Consultationem
370 2981 464 3056 suant
495 2981 537 3052 ad
565 2985 732 3054 Senatum
768 2986 912 3062 referat.

44 3083 88 3152 lld
109 3085 175 3155 lroc
202 3105 298 3178 ergo
314 3079 511 3174 Collegium
528 3081 699 3174 Wetsleoit'
722 3082 835 3158 coulln
861 3083 912 3158 est

42 3181 194 3255 tSenatu
219 3174 383 3264 remilla,
411 3173 614 3271 postquam,
649 3177 767 3248 toedio
793 3179 913 3255 mense

47 3276 152 3370 lunio,
186 3279 225 3352 in
251 3278 401 3348 Comitiit
430 3275 656 3346 Helvetiorum
694 3275 913 3372 Badenstbos,

79 3369 559 3470 Bibl.HoganaeCl.Ill.F.l.
708 3367 736 3438 B
876 3393 917 3450 ut
