2368 3884
83 320 301 413 declaratio
326 315 381 411 de
397 315 455 407 N.
477 315 531 408 T.
549 313 846 413 Wetstenitno.
874 337 942 442 29·

51 545 96 600 aut
105 521 287 618 judicavit
312 551 326 606 t
362 515 423 594 sed
445 498 493 593 ex
528 521 679 594 Camillis
706 521 935 598 Irleloetiorrnt

47 625 141 698 adlata
160 617 365 692 mentione
391 615 510 713 Ampl.
527 615 623 690 Xlll.
649 609 802 694 Virorum
820 619 935 693 Colle·

44 722 125 816 glum
157 714 393 808 Wetstenium
437 713 658 802 audiverat,
691 703 774 790 dein
814 715 935 812 Ampl.

45 835 164 890 ornatus
185 809 371 884 Civitatis
389 811 589 899 conventui,
616 828 654 883 ut
671 834 755 886 eum
772 813 934 902 audiret,

44 937 77 986 ac
92 913 133 985 de
147 908 259 983 omni
279 930 322 980 re
340 906 385 979 ad
405 907 574 980 Senatum
590 905 773 992 referret..
791 909 938 984 manda·

45 1029 145 1082 rarat.
201 1004 318 1078 Unde
335 1001 377 1078 ἃ
393 1002 726 1102 iutelligereootest
741 1003 943 1102 Wetslenlur

50 1105 121 1179 nihil
156 1101 231 1178 libi
269 1098 474 1197 profuille,
517 1099 612 1200 quod
648 1102 747 1175 virus
769 1100 868 1188 suum
900 1102 940 1176 iu

47 1205 240 1277 &ruentum
265 1197 431 1270 nostrum
457 1195 665 1287 Basslienfem
685 1195 871 1274 effundere
888 1197 943 1274 di·

47 1299 153 1388 dulit,
182 1297 312 1370 donec
332 1294 460 1368 omnia
486 1295 646 1388 membra
663 1295 759 1392 ejus,
787 1319 859 1372 uno
877 1317 942 1370 ex·

49 1417 169 1492 repro,
199 1393 336 1467 viuere
370 1388 557 1466 deliiffent.
599 1389 703 1465 ⁰Dum
729 1393 826 1472 edim
850 1415 941 1467 unus

51 1491 220 1588 superest3
245 1511 324 1564 nou
351 1487 489 1575 deerit,
520 1487 580 1585 qui
604 1486 713 1579 farsa,
750 1511 828 1592 quae
862 1493 943 1564 r'tar·
1080 1501 1086 1508 '

54 1611 124 1677 rat,
146 1590 372 1683 redarguere
394 1581 509 1680 pouit.
559 1585 676 1660 lmmo
698 1609 787 1661 vero
810 1585 837 1665 sr
858 1609 942 1661 cau·

61 1687 122 1758 tius
143 1709 162 1758 e
186 1683 287 1774 isset,
326 1701 373 1756 ac
398 1681 500 1780 hujus
524 1704 666 1782 quoque
694 1681 778 1760 Viri
803 1686 943 1770 obitum
1055 1763 1058 1770 ,

67 1783 162 1878 ealqe
239 1803 306 1870 et;
331 1777 527 1876 superesset
543 1801 663 1856 tamer
682 1779 779 1860 idem
797 1788 944 1857 Conuen-

74 1893 121 1950 ttrt
143 1879 392 1978 Ettltfiasiicus,
417 1875 478 1974 qui
492 1875 707 1974 Wetstenium
724 1879 856 1956 docere
878 1895 945 1978 po·

74 1973 204 2060 millet,
227 1976 494 2072 haudquaquam
521 1997 604 2048 cum
629 1975 761 2053 umbria
794 1977 856 2054 fibi
875 1969 946 2050 elle

70 2073 541 2169 pugnandum.·dequumue
558 2069 630 2161 est,
648 2091 686 2148 ut
702 2073 812 2150 tacite
831 2072 947 2148 abiret

70 2169 217 2242 hominia
248 2169 422 2258 audacia,
453 2166 514 2266 qui
546 2165 586 2242 ὅι
617 2170 817 2269 Collegium,
851 2167 947 2268 quod

68 2288 132 2340 nou
162 2267 270 2344 solum
302 2289 355 2341 ex
385 2262 532 2356 officio,
559 2259 618 2339 sed
643 2265 682 2342 ὅι
707 2288 763 2344 ex·
779 2271 946 2344 mandato

66 2362 224 2460 peculiari
259 2364 406 2438 Summi
439 2363 659 2464 Magistratus
699 2365 852 2444 caullam
877 2359 947 2466 pro

68 2461 292 2536 conscientia
324 2454 466 2534 ratione
495 2461 594 2558 egit3
628 2457 669 2538 dt
686 2459 861 2564 lingulor,
887 2462 948 2564 qui

67 2561 134 2656 rjus
160 2559 318 2656 Collegii
350 2577 430 2654 patr
456 2555 616 2649 fueraut,
645 2564 948 2664 necquidquam,

64 2659 118 2730 nili
139 2681 221 2732 cum
242 2651 470 2750 collegio&
494 2657 641 2753 nornine
660 2658 810 2758 Collegii
828 2665 863 2734 in
882 2659 949 2730 hae

65 2754 321 2850 rutilaeque,
349 2752 609 2828 calumniatur?
643 2751 740 2854 Quid
754 2755 863 2833 animi
881 2755 948 2845 iis,

65 2858 180 2947 quibua
199 2875 303 2926 nunc
323 2848 523 2946 Collegium
539 2847 699 2942 constat,
723 2851 841 2952 potest
857 2849 948 2942 elle,

66 2971 139 3026 curn
160 2951 344 3023 videbunt
359 2945 458 3032 illos,
486 2943 547 3043 qui
564 2945 610 3018 de
629 2951 761 3046 Collegit·
775 2949 952 3028 sententia

65 3067 116 3119 ter
142 3045 354 3144 gefferunt,
383 3043 493 3116 immo
515 3041 631 3139 ipsum
658 3047 852 3142 Collegium,
877 3065 951 3120 non

69 3140 376 3217 criminationibus
412 3159 580 3231 tantum,
613 3139 672 3214 sed
711 3141 749 3218 dr
779 3141 952 3220 convitiis

69 3240 279 3334 proscindi?
307 3237 401 3338 Quid
417 3237 526 3312 animi
542 3239 612 3312 erit
625 3237 813 3340 unicuique
825 3241 953 3334 collega

69 3337 429 3436 commembro,
455 3332 580 3434 stqttae
606 3335 795 3435 Collegium,
820 3335 860 3414 dr
877 3333 953 3432 ipse

777 3489 781 3498 .
870 3451 954 3508 eum
